@techreport{monParsing,
        author = "Graham Hutton and Erik Meijer",
        title = "{Monadic Parser Combinators}",
        institution = "Department of Computer Science,
                        University of Nottingham",
        type = "Technical Report",
        number = "NOTTCS-TR-96-4",
        year = 1996}

@TechReport{parsec,
   Author = {Leijen, Daan},
   Title = {Parsec, a fast combinator parser},
   Number = {35},
   Institution = {Department of Computer Science, University of Utrecht (RUU)},
   Month = {October},
   Year = {2001}
}

@ONLINE{attoparsec,
    title = {Attoparsec},
    language = {english},
    hyphenation = {english},
    url = {https://github.com/bos/attoparsec},
    urldate = {2015-06-1},
}

@article{Mcbride:2008:APE:1348940.1348941,
 author = {Mcbride, Conor and Paterson, Ross},
 title = {Applicative Programming with Effects},
 journal = {J. Funct. Program.},
 issue_date = {January 2008},
 volume = {18},
 number = {1},
 month = jan,
 year = {2008},
 issn = {0956-7968},
 pages = {1--13},
 numpages = {13},
 url = {http://dx.doi.org/10.1017/S0956796807006326},
 doi = {10.1017/S0956796807006326},
 acmid = {1348941},
 publisher = {Cambridge University Press},
 address = {New York, NY, USA},
}

@article{Moggi:1991:NCM:116981.116984,
 author = {Moggi, Eugenio},
 title = {Notions of Computation and Monads},
 journal = {Inf. Comput.},
 issue_date = {July 1991},
 volume = {93},
 number = {1},
 month = jul,
 year = {1991},
 issn = {0890-5401},
 pages = {55--92},
 numpages = {38},
 url = {http://dx.doi.org/10.1016/0890-5401(91)90052-4},
 doi = {10.1016/0890-5401(91)90052-4},
 acmid = {116984},
 publisher = {Academic Press, Inc.},
 address = {Duluth, MN, USA},
}

@inproceedings{Wadler:1992:EFP:143165.143169,
 author = {Wadler, Philip},
 title = {The Essence of Functional Programming},
 booktitle = {Proceedings of the 19th ACM SIGPLAN-SIGACT Symposium on Principles of Programming Languages},
 series = {POPL '92},
 year = {1992},
 isbn = {0-89791-453-8},
 location = {Albuquerque, New Mexico, USA},
 pages = {1--14},
 numpages = {14},
 url = {http://doi.acm.org/10.1145/143165.143169},
 doi = {10.1145/143165.143169},
 acmid = {143169},
 publisher = {ACM},
 address = {New York, NY, USA},
}

@inproceedings{Liang:1995:MTM:199448.199528,
 author = {Liang, Sheng and Hudak, Paul and Jones, Mark},
 title = {Monad Transformers and Modular Interpreters},
 booktitle = {Proceedings of the 22Nd ACM SIGPLAN-SIGACT Symposium on Principles of Programming Languages},
 series = {POPL '95},
 year = {1995},
 isbn = {0-89791-692-1},
 location = {San Francisco, California, USA},
 pages = {333--343},
 numpages = {11},
 url = {http://doi.acm.org/10.1145/199448.199528},
 doi = {10.1145/199448.199528},
 acmid = {199528},
 publisher = {ACM},
 address = {New York, NY, USA},
}
